<?xml version="1.0" encoding="UTF-8"?><collection xmlns="http://www.loc.gov/MARC21/slim"><record><leader>00453nam--2200169-u-4500</leader><controlfield tag="001">000010274</controlfield><controlfield tag="002">20161230</controlfield><controlfield tag="005">20161230201028</controlfield><controlfield tag="008">060222s1000------------r-----000-0-ger-d</controlfield><datafield ind1=" " ind2=" " tag="040"><subfield code="a">IFIN-HH</subfield></datafield><datafield ind1=" " ind2=" " tag="041"><subfield code="a">ger</subfield></datafield><datafield ind1="1" ind2=" " tag="100"><subfield code="a">Bonora, L</subfield></datafield><datafield ind1="1" ind2="0" tag="245"><subfield code="a">Conformal symmetry in wilson operators product s expansions</subfield><subfield code="c">L. bonora, s. ciccarello, g. sartori, m. tonin</subfield></datafield><datafield ind1=" " ind2=" " tag="260"><subfield code="a">Padova</subfield><subfield code="b">Fara Editura</subfield><subfield code="c">1972</subfield></datafield><datafield ind1=" " ind2=" " tag="300"><subfield code="a">7 P</subfield></datafield><datafield ind1="1" ind2=" " tag="700"><subfield code="a">Tonin, M</subfield></datafield><datafield ind1=" " ind2=" " tag="852"><subfield code="a">12069</subfield></datafield></record></collection>